@article{boyle2011role,
  title={The role of psychology in understanding the impact of computer games},
  author={Boyle, Elizabeth and Connolly, Thomas M and Hainey, Thomas},
  journal={Entertainment Computing},
  volume={2},
  number={2},
  pages={69--74},
  year={2011},
  publisher={Elsevier}
}

@article{howmanytrans,
  title={How many adults identify as transgender in the United States},
  author={Andrew R. Flores, Jody L. Herman, Gary J. Gates, and Taylor N. T. Brown},
  publisher={The Williams Institute, UCLA Law School},
  month={June},
  year={2016},
  journal={The Williams Institute}
}

@phdthesis{hwang2016,
    title    = {Effectiveness of message framing in a digital game environment},
    school   = {Teachers College, Columbia University},
    author   = {Hwang, Maria},
    year     = {2016} 
}

@misc{akili,
  title={Akili Labs}, 
  howpublished={\url{http://www.akiliinteractive.com/}},
  note={Accessed: 2016-11-21}
}

@misc{howmanypsychs,
  title={How many psychologists are licensed in the United States?},
  howpublished={\url{http://www.apa.org/monitor/2014/06/datapoint.aspx/}},
  note={Accessed: 2016-11-25}
}

@article{webb2009planning,
  title={Planning to break unwanted habits: Habit strength moderates implementation intention effects on behaviour change},
  author={Webb, Thomas L and Sheeran, Paschal and Luszczynska, Aleksandra},
  journal={British Journal of Social Psychology},
  volume={48},
  number={3},
  pages={507--523},
  year={2009},
  publisher={Wiley Online Library}
}

@article{simons2013parental,
  title={Parental support and mental health among transgender adolescents},
  author={Simons, Lisa and Schrager, Sheree M and Clark, Leslie F and Belzer, Marvin and Olson, Johanna},
  journal={Journal of Adolescent Health},
  volume={53},
  number={6},
  pages={791--793},
  year={2013},
  publisher={Elsevier}
}

@misc{uspopulation,
    title = {An Overview of the U.S. Population},
    howpublished={\url{http://www.infoplease.com/ipa/A0004925.html}},
    note={Accessed: 2016-11-29}
}